@misc{GoL,
  author = {Wikipedia},
  title = {Jeu de la vie.\\},
  url  = {https://en.wikipedia.org/wiki/Conway's\_Game\_of\_Life}
}


@misc{DilemmePrisonnier,
  author = {Wikipedia},
  title = {Dilemme du prisonnier.\\},
  url  = {https://en.wikipedia.org/wiki/Prisoner's\_dilemma}
}


@misc{MatriceGains,
  author = {Wikipedia},
  title = {Matrice des gains.\\},
  url  = {https://fr.wikipedia.org/wiki/Matrice\_des\_gains}
}


@misc{DilemmaAutomata,
  author = {Ramón Alonso-Sanz},
  title = {Dilemme du prisonnier, automate cellulaire.\\},
  url  = {http://rspa.royalsocietypublishing.org/content/470/2164/20130793}
}

@misc{LVCharts,
  author = {Livecharts},
  title = {Homepage.\\},
  url  = {https://lvcharts.net/}
}


@misc{DilemmePrisonnier2,
  author = {Investopedia},
  title = {Prisoner's Dilemma.\\},
  url  = {http://www.investopedia.com/terms/p/prisoners-dilemma.asp}
}

@misc{CellularAutomaton,
  author = {Weisstein, Eric},
  title = {Cellular Automaton.\\},
  url  = {http://mathworld.wolfram.com/CellularAutomaton.html}
}

@misc{QuantumCellularAutomaton,
  author = {Ramón, Alonso-Sanz},
  title = {A Quantum Prisoner’s Dilemma Cellular Automaton.\\},
  url  = {http://rspa.royalsocietypublishing.org/content/royprsa/470/2164/20130793.full.pdf}
}

@misc{PDandGoL,
  author = {Katarzyna, Zbieć},
  title = {The Prisoner’s Dilemma and The Game of Life.\\},
  url  = {logika.uwb.edu.pl/studies/download.php?volid=19&artid=kz}
}

@misc{1dCellularAutomaton,
  author = {Marcelo, Alves Pereira},
  title = {Prisoner’s Dilemma in One-Dimensional Cellular Automata.\\},
  url  = {https://arxiv.org/pdf/0708.3520.pdf}
}

@misc{StratIPD,
  author = {Wayne Davis},
  title = {Stratégies iterated prisoners dilemma.\\},
  url  = {http://www.iterated-prisoners-dilemma.net/prisoners-dilemma-strategies.shtml}
}

@misc{StratIPD2,
  author = {Wayne Davis},
  title = {Strategies for IPD.\\},
  url  = {http://www.prisoners-dilemma.com/strategies.html}
}


@misc{TFT,
  author = {Eric, Weisstein},
  title = {Tit-for-tat.\\},
  url  = {http://mathworld.wolfram.com/Tit-for-Tat.html}
}

@misc{Median,
  author = {Wikipedia},
  title = {Médiane (statistiques).\\},
  url  = {https://fr.wikipedia.org/wiki/M\%C3\%A9diane_(statistiques)}
}

@misc{Torus,
  author = {Wikipedia},
  title = {Tore (forme).\\},
  url  = {https://fr.wikipedia.org/wiki/Tore}
}

@book{book,
  author    = {Robert Axelrod}, 
  title     = {The Evolution of Cooperation},
  publisher = {Basic Books},
  year      = 1984,
  isbn      = {0465021220}
}